<record><leader>00000cas a22000007a 4500</leader><controlfield tag="001">27045812</controlfield><controlfield tag="008">921201d187u1876cauwr ne      0    0eng d</controlfield><datafield ind1=" " ind2=" " tag="010"><subfield code="a">sn 92068963 </subfield></datafield><datafield ind1=" " ind2=" " tag="040"><subfield code="a">CUY</subfield><subfield code="b">eng</subfield><subfield code="c">CNK</subfield><subfield code="d">OCLCQ</subfield></datafield><datafield ind1=" " ind2=" " tag="042"><subfield code="a">msc</subfield></datafield><datafield ind1="0" ind2=" " tag="130"><subfield code="a">Southern Californian (Bakersfield, Calif.)</subfield></datafield><datafield ind1="1" ind2="0" tag="245"><subfield code="a">Southern Californian.</subfield></datafield><datafield ind1=" " ind2=" " tag="260"><subfield code="a">Bakersfield, Kern County, Cal. :</subfield><subfield code="b">S. Brittain</subfield></datafield><datafield ind1=" " ind2=" " tag="300"><subfield code="a">v.</subfield></datafield><datafield ind1=" " ind2=" " tag="310"><subfield code="a">Weekly</subfield></datafield><datafield ind1="0" ind2=" " tag="362"><subfield code="a">-v. 5, no. 20 (May 18, 1876).</subfield></datafield><datafield ind1=" " ind2=" " tag="588"><subfield code="a">Description based on: Vol. 2, no. 9 (Mar. 6, 1873).</subfield></datafield><datafield ind1=" " ind2="4" tag="651"><subfield code="a">Kern County (Calif.)</subfield><subfield code="v">Newspapers.</subfield></datafield><datafield ind1=" " ind2=" " tag="752"><subfield code="a">United States</subfield><subfield code="b">California</subfield><subfield code="c">Kern</subfield><subfield code="d">Bakersfield.</subfield></datafield><datafield ind1="0" ind2="7" tag="785"><subfield code="t">Kern County weekly courier</subfield><subfield code="w">(DLC)sn 84038761</subfield></datafield><datafield ind1="0" ind2="7" tag="785"><subfield code="t">Southern Californian and Kern County weekly courier</subfield><subfield code="w">(DLC)sn 84038760</subfield></datafield><datafield ind1="1" ind2=" " tag="029"><subfield code="a">AU@</subfield><subfield code="b">000020739622</subfield></datafield></record>